@article{sharnagat2014named,
  title={Named Entity Recognition: A Literature Survey},
  author={Sharnagat, Rahul},
  journal={Center For Indian Language Technology},
  year={2014}
}
@article{manning2008text,
  title={Text classification and naive bayes},
  author={Manning, Christopher D and Raghavan, Prabhakar and Sch{\"u}tze, Hinrich},
  journal={Introduction to information retrieval},
  volume={1},
  pages={6},
  year={2008}
}
@misc{manning2012information,
  title={Information Extraction and Named Entity Recognition},
  author={Manning, Christopher},
  year={2012},
  publisher={Stanford University, California}
}

@inproceedings{patwardhan2007effective,
  title={Effective Information Extraction with Semantic Affinity Patterns and Relevant Regions.},
  author={Patwardhan, Siddharth and Riloff, Ellen},
  booktitle={EMNLP-CoNLL},
  volume={7},
  pages={717--727},
  year={2007}
}
@article{califf2003bottom,
  title={Bottom-up relational learning of pattern matching rules for information extraction},
  author={Califf, Mary Elaine and Mooney, Raymond J},
  journal={Journal of Machine Learning Research},
  volume={4},
  number={Jun},
  pages={177--210},
  year={2003}
}

@inproceedings{palmer1994adaptive,
  title={Adaptive sentence boundary disambiguation},
  author={Palmer, David D and Hearst, Marti A},
  booktitle={Proceedings of the fourth conference on Applied natural language processing},
  pages={78--83},
  year={1994},
  organization={Association for Computational Linguistics}
}

@article{baluja2000applying,
  title={Applying Machine Learning for High-Performance Named-Entity Extraction},
  author={Baluja, Shumeet and Mittal, Vibhu O and Sukthankar, Rahul},
  journal={Computational Intelligence},
  volume={16},
  number={4},
  pages={586--595},
  year={2000},
  publisher={Wiley Online Library}
}
@article{dy2004feature,
  title={Feature selection for unsupervised learning},
  author={Dy, Jennifer G and Brodley, Carla E},
  journal={Journal of machine learning research},
  volume={5},
  number={Aug},
  pages={845--889},
  year={2004}
}
